@book{Drazic,
  title={Matematičko modeliranje},
  author={Milan Dražić},
  isbn={978-86-7589-118-5},
  year={2017},
  publisher={Matematički fakultet},
  address = {Univerzitet u Beogradu}
}
